<record><leader>00000cas a2200000 a 4500</leader><controlfield tag="001">10971219</controlfield><controlfield tag="008">840720d18731874hiuwr ne      0    0haw c</controlfield><datafield ind1=" " ind2=" " tag="010"><subfield code="a">sn 84023740 </subfield></datafield><datafield ind1=" " ind2=" " tag="040"><subfield code="a">AQM</subfield><subfield code="b">eng</subfield><subfield code="c">AQM</subfield><subfield code="d">NPX</subfield><subfield code="d">HWN</subfield><subfield code="d">OCLCQ</subfield><subfield code="d">CUI</subfield><subfield code="d">OCLCQ</subfield><subfield code="d">OCLCF</subfield></datafield><datafield ind1="1" ind2=" " tag="029"><subfield code="a">AU@</subfield><subfield code="b">000020341681</subfield></datafield><datafield ind1="0" ind2=" " tag="041"><subfield code="a">haweng</subfield></datafield><datafield ind1=" " ind2=" " tag="042"><subfield code="a">pcc</subfield></datafield><datafield ind1=" " ind2=" " tag="043"><subfield code="a">n-us-hi</subfield></datafield><datafield ind1=" " ind2="4" tag="050"><subfield code="a">AP95.H2</subfield><subfield code="b">N7Z</subfield></datafield><datafield ind1="0" ind2=" " tag="130"><subfield code="a">Nuhou Hawaii (Honolulu, Hawaii : 1873)</subfield></datafield><datafield ind1="0" ind2="4" tag="242"><subfield code="a">The Hawaiian news</subfield><subfield code="y">eng</subfield></datafield><datafield ind1="1" ind2="3" tag="245"><subfield code="a">Ka nuhou Hawaii.</subfield></datafield><datafield ind1=" " ind2=" " tag="260"><subfield code="a">Honolulu [Oahu, Hawaii] :</subfield><subfield code="b">Kipikona [i.e. Gibson],</subfield><subfield code="c">1873-1874.</subfield></datafield><datafield ind1=" " ind2=" " tag="300"><subfield code="a">1 v.</subfield></datafield><datafield ind1=" " ind2=" " tag="310"><subfield code="a">Weekly</subfield></datafield><datafield ind1="0" ind2=" " tag="362"><subfield code="a">Buke 1, helu 1 (Novemaba 4, 1873)-buke 1, helu 26 (Aperila 28, 1874).</subfield></datafield><datafield ind1=" " ind2=" " tag="500"><subfield code="a">"Ke kokua ikaiki no ka lahui Hawaii."</subfield></datafield><datafield ind1=" " ind2=" " tag="500"><subfield code="a">Editor: W.M. Gibson.</subfield></datafield><datafield ind1=" " ind2=" " tag="546"><subfield code="a">In Hawaiian and English.</subfield></datafield><datafield ind1=" " ind2="0" tag="651"><subfield code="a">Hawaii</subfield><subfield code="v">Newspapers.</subfield></datafield><datafield ind1=" " ind2="7" tag="655"><subfield code="a">Newspapers.</subfield><subfield code="2">fast</subfield><subfield code="0">(OCoLC)fst01423814</subfield></datafield><datafield ind1=" " ind2="7" tag="651"><subfield code="a">Hawaii.</subfield><subfield code="2">fast</subfield><subfield code="0">(OCoLC)fst01208724</subfield></datafield><datafield ind1="1" ind2=" " tag="700"><subfield code="a">Gibson, Walter Murray.</subfield></datafield><datafield ind1=" " ind2=" " tag="752"><subfield code="a">United States</subfield><subfield code="b">Hawaii</subfield><subfield code="c">Honolulu</subfield><subfield code="d">Honolulu.</subfield></datafield><datafield ind1="0" ind2="8" tag="776"><subfield code="i">Online version:</subfield><subfield code="t">Nuhou Hawaii (Honolulu, Hawaii : 1873 : Online)</subfield><subfield code="w">(OCoLC)192107344</subfield></datafield><datafield ind1="0" ind2="0" tag="780"><subfield code="t">Nuhou (Honolulu, Hawaii : 1873)</subfield><subfield code="w">(DLC)sn 84023739</subfield><subfield code="w">(OCoLC)10971168</subfield></datafield></record>